<record><leader>00000cas a22000007a 4500</leader><controlfield tag="001">9366287</controlfield><controlfield tag="008">830331d19181925mnusr ne      0    0nor d</controlfield><controlfield tag="009">540</controlfield><datafield ind1=" " ind2=" " tag="010"><subfield code="a">sn 83045243 </subfield></datafield><datafield ind1=" " ind2=" " tag="040"><subfield code="a">CRL</subfield><subfield code="b">eng</subfield><subfield code="c">CRL</subfield><subfield code="d">NPW</subfield><subfield code="d">MN#</subfield><subfield code="d">OCLCQ</subfield><subfield code="d">OCLCF</subfield><subfield code="d">OCLCO</subfield></datafield><datafield ind1="1" ind2=" " tag="029"><subfield code="a">AU@</subfield><subfield code="b">000025810754</subfield></datafield><datafield ind1=" " ind2=" " tag="042"><subfield code="a">msc</subfield></datafield><datafield ind1=" " ind2=" " tag="043"><subfield code="a">n-us-mn</subfield></datafield><datafield ind1=" " ind2=" " tag="052"><subfield code="a">4144</subfield><subfield code="b">M5</subfield></datafield><datafield ind1="0" ind2=" " tag="130"><subfield code="a">Folkets ro&#776;st (Minneapolis, Minn. : 1918)</subfield></datafield><datafield ind1="0" ind2="0" tag="245"><subfield code="a">Folkets ro&#776;st =</subfield><subfield code="b">Voice of the people.</subfield></datafield><datafield ind1="3" ind2="1" tag="246"><subfield code="a">Voice of the people</subfield></datafield><datafield ind1=" " ind2=" " tag="260"><subfield code="a">Minneapolis, Minn.</subfield><subfield code="b">E.L. Mengshoel,</subfield><subfield code="c">1918-</subfield></datafield><datafield ind1=" " ind2=" " tag="300"><subfield code="a">v.</subfield></datafield><datafield ind1=" " ind2=" " tag="310"><subfield code="a">Biweekly,</subfield><subfield code="b">July 12, 1924-&lt;Oct. 31, 1925&gt;</subfield></datafield><datafield ind1=" " ind2=" " tag="321"><subfield code="a">Semimonthly,</subfield><subfield code="b">Dec. 21, 1918-Jan. 4, 1919</subfield></datafield><datafield ind1=" " ind2=" " tag="321"><subfield code="a">Weekly,</subfield><subfield code="b">Jan. 18, 1919-June 28, 1924</subfield></datafield><datafield ind1="0" ind2=" " tag="362"><subfield code="a">1ste aarg., no. 1 (21 des. 1918)-</subfield></datafield><datafield ind1="1" ind2=" " tag="362"><subfield code="a">Ceased in 1925.</subfield></datafield><datafield ind1=" " ind2=" " tag="515"><subfield code="a">Publication irregular in 1921 due to editor's ill health.</subfield></datafield><datafield ind1=" " ind2=" " tag="530"><subfield code="a">Available on microfilm from the Minnesota Historical Society.</subfield></datafield><datafield ind1=" " ind2=" " tag="546"><subfield code="a">In Norwegian.</subfield></datafield><datafield ind1=" " ind2="0" tag="650"><subfield code="a">Norwegians</subfield><subfield code="z">Minnesota</subfield><subfield code="v">Newspapers.</subfield></datafield><datafield ind1=" " ind2="7" tag="655"><subfield code="a">Newspapers.</subfield><subfield code="2">fast</subfield><subfield code="0">(OCoLC)fst01423814</subfield></datafield><datafield ind1=" " ind2="7" tag="650"><subfield code="a">Norwegians.</subfield><subfield code="2">fast</subfield><subfield code="0">(OCoLC)fst01039481</subfield></datafield><datafield ind1=" " ind2="7" tag="651"><subfield code="a">Minnesota.</subfield><subfield code="2">fast</subfield><subfield code="0">(OCoLC)fst01204560</subfield></datafield><datafield ind1=" " ind2=" " tag="752"><subfield code="a">United States</subfield><subfield code="b">Minnesota</subfield><subfield code="c">Hennepin</subfield><subfield code="d">Minneapolis.</subfield></datafield><datafield ind1="0" ind2="0" tag="780"><subfield code="t">Gaa paa</subfield><subfield code="w">(DLC)sn 84029206</subfield></datafield></record>